@article{brown1992survey,
  title={A survey of image registration techniques},
  author={Brown, Lisa Gottesfeld},
  journal={ACM computing surveys (CSUR)},
  volume={24},
  number={4},
  pages={325--376},
  year={1992},
  publisher={ACM}
}

@article{zitova2003image,
  title={Image registration methods: a survey},
  author={Zitova, Barbara and Flusser, Jan},
  journal={Image and vision computing},
  volume={21},
  number={11},
  pages={977--1000},
  year={2003},
  publisher={Elsevier}
}

@inproceedings{lowe1999object,
  title={Object recognition from local scale-invariant features},
  author={Lowe, David G},
  booktitle={Computer vision, 1999. The proceedings of the seventh IEEE international conference on},
  volume={2},
  pages={1150--1157},
  year={1999},
  organization={Ieee}
}

@incollection{bay2006surf,
  title={Surf: Speeded up robust features},
  author={Bay, Herbert and Tuytelaars, Tinne and Van Gool, Luc},
  booktitle={Computer Vision--ECCV 2006},
  pages={404--417},
  year={2006},
  publisher={Springer}
}

@article{thirion1995fast,
  title={Fast non-rigid matching of 3D medical images},
  author={Thirion, Jean-Philippe},
  year={1995}
}

@article{bookstein1989principal,
  title={Principal warps: Thin-plate splines and the decomposition of deformations},
  author={Bookstein, Fred L.},
  journal={IEEE Transactions on pattern analysis and machine intelligence},
  volume={11},
  number={6},
  pages={567--585},
  year={1989},
  publisher={IEEE Computer Society}
}

@article{zagorchev2006comparative,
  title={A comparative study of transformation functions for nonrigid image registration},
  author={Zagorchev, Lyubomir and Goshtasby, Ardeshir},
  journal={Image Processing, IEEE Transactions on},
  volume={15},
  number={3},
  pages={529--538},
  year={2006},
  publisher={IEEE}
}

@article{goshtasby1988registration,
  title={Registration of images with geometric distortions},
  author={Goshtasby, Ardeshir},
  journal={Geoscience and Remote Sensing, IEEE Transactions on},
  volume={26},
  number={1},
  pages={60--64},
  year={1988},
  publisher={IEEE}
}

@article{papademetris2005bioimage,
  title={BioImage Suite: An integrated medical image analysis suite},
  author={Papademetris, Xenophon and Jackowski, Marcel and Rajeevan, Nallakkandi and Constable, R Todd and Staib, LH},
  journal={The Insight Journal},
  volume={1},
  pages={3},
  year={2005}
}

@OTHER{sevilla111,
author = {Pompa, Pablo},
title = {Sevilla 111 Gigapixels},
month = dec,
year = {2010},
url = {http://www.sevilla111.com/acercade_en.htm}
}

@article{nvidia2007compute,
  title={Compute unified device architecture programming guide},
  author={Nvidia, CUDA},
  year={2007}
}

@article{dean2008mapreduce,
  title={MapReduce: simplified data processing on large clusters},
  author={Dean, Jeffrey and Ghemawat, Sanjay},
  journal={Communications of the ACM},
  volume={51},
  number={1},
  pages={107--113},
  year={2008},
  publisher={ACM}
}
